@book{tannenbaum2017,
  author  = {van Steen, Maarten and S. Tannenbaum, Andrew},
  title   = {Distributed Systems},
  edition = 3,
  year    = 2017
}

@misc{neuman1994scale,
  title={Scale in Distributed Systems. In Readings in Dist. Comp. Syst},
  author={Neuman, C},
  year={1994},
  publisher={IEEE Computer Society Press Los Alamitos}
}

@manual{mell2011,
  author = {Peter Mell, Tim Grance},
  title  = {The NIST Definition of Cloud Computing},
  url    = {https://doi.org/10.6028/NIST.SP.800-145}
}

@article{ieee-containers,
  author  = {Pahl, Claus},
  journal = {IEEE Cloud Computing},
  title   = {Containerization and the PaaS Cloud},
  year    = {2015},
  volume  = {2},
  number  = {3},
  pages   = {24-31},
  doi     = {10.1109/MCC.2015.51}
}

@report{ccc2022,
  organization = {Confidential Computing Consortium},
  title        = {A Technical Analysis of Confidential Computing},
  url          = {https://confidentialcomputing.io/ccc-a-technical-analysis-of-confidential-computing-v1-3_updated_november_2022/}
}

@report{schuster2022,
  organization = {Edgeless Systems},
  author       = {Schuster, Felix},
  title        = {Confidential Computing - How to process data securely on third-party infrastructure},
  url          = {https://content.edgeless.systems/hubfs/Confidential%20Computing%20Whitepaper.pdf}
}

@inproceedings{jiang2022,
  author    = {Jiang, Jianyu and Qi, Ji and Shen, Tianxiang and Chen, Xusheng and Zhao, Shixiong and Wang, Sen and Chen, Li and Zhang, Gong and Luo, Xiapu and Cui, Heming},
  booktitle = {2022 55th IEEE/ACM International Symposium on Microarchitecture (MICRO)},
  title     = {CRONUS: Fault-isolated, Secure and High-performance Heterogeneous Computing for Trusted Execution Environment},
  year      = {2022},
  volume    = {},
  number    = {},
  pages     = {124-143},
  doi       = {10.1109/MICRO56248.2022.00019}
}

@inproceedings{bahmani2021,
  title     = {$\{$CURE$\}$: A Security Architecture with $\{$CUstomizable$\}$ and Resilient Enclaves},
  author    = {Bahmani, Raad and Brasser, Ferdinand and Dessouky, Ghada and Jauernig, Patrick and Klimmek, Matthias and Sadeghi, Ahmad-Reza and Stapf, Emmanuel},
  booktitle = {30th USENIX Security Symposium (USENIX Security 21)},
  pages     = {1073--1090},
  year      = {2021}
}

@misc{rfc9334,
  series       = {Request for Comments},
  number       = 9334,
  howpublished = {RFC 9334},
  publisher    = {RFC Editor},
  doi          = {10.17487/RFC9334},
  url          = {https://www.rfc-editor.org/info/rfc9334},
  author       = {Henk Birkholz and Dave Thaler and Michael Richardson and Ned Smith and Wei Pan},
  title        = {Remote ATtestation procedureS (RATS) Architecture},
  pagetotal    = 46,
  year         = 2023,
  month        = jan,
  abstract     = {In network protocol exchanges, it is often useful for one end of a communication to know whether the other end is in an intended operating state. This document provides an architectural overview of the entities involved that make such tests possible through the process of generating, conveying, and evaluating evidentiary Claims. It provides a model that is neutral toward processor architectures, the content of Claims, and protocols.}
}

@inproceedings{tsai2014,
  title     = {Cooperation and security isolation of library OSes for multi-process applications},
  author    = {Tsai, Chia-Che and Arora, Kumar Saurabh and Bandi, Nehal and Jain, Bhushan and Jannen, William and John, Jitin and Kalodner, Harry A and Kulkarni, Vrushali and Oliveira, Daniela and Porter, Donald E},
  booktitle = {Proceedings of the Ninth European Conference on Computer Systems},
  pages     = {1--14},
  year      = {2014}
}
